@article{johnson2004model,
  title={Model selection in ecology and evolution},
  author={Johnson, Jerald B and Omland, Kristian S},
  journal={Trends in ecology \& evolution},
  volume={19},
  number={2},
  pages={101--108},
  year={2004},
  publisher={Elsevier}
}

@article{baranyi1994dynamic,
  title={A dynamic approach to predicting bacterial growth in food},
  author={Baranyi, J{\'o}zsef and Roberts, Terry A},
  journal={International journal of food microbiology},
  volume={23},
  number={3-4},
  pages={277--294},
  year={1994},
  publisher={Elsevier}
}

@article{yilmaz2011identifiability,
  title={Identifiability of Baranyi model and comparison with empirical models in predicting effect of essential oils on growth of Salmonella typhimurium in rainbow trout stored under aerobic, modified atmosphere and vacuum packed conditions},
  author={Y{\i}lmaz, Mustafa Tahsin},
  journal={African Journal of Biotechnology},
  volume={10},
  number={38},
  pages={7468--7479},
  year={2011}
}

@incollection{tarnok2009determination,
  title={Determination of Cell Physiological Parameters: pH, Ca2+, Glutathione, Transmembrane Potential},
  author={T{\'a}rnok, Attila and Rothe, Gregor},
  booktitle={Cellular Diagnostics},
  pages={325--342},
  year={2009},
  publisher={Karger Publishers}
}

@article{loret2000three,
  title={A three-phase model for unsaturated soils},
  author={Loret, Benjamin and Khalili, Nasser},
  journal={International journal for numerical and analytical methods in geomechanics},
  volume={24},
  number={11},
  pages={893--927},
  year={2000},
  publisher={Wiley Online Library}
}

@article{grijspeerdt1999estimating,
  title={Estimating the parameters of the Baranyi model for bacterial growth},
  author={Grijspeerdt, Koen and Vanrolleghem, Peter},
  journal={Food microbiology},
  volume={16},
  number={6},
  pages={593--605},
  year={1999},
  publisher={Elsevier}
}

@article{vadasz2007biological,
  title={Biological implications from an autonomous version of Baranyi and Roberts growth model},
  author={Vadasz, Peter and Vadasz, Alisa S},
  journal={International journal of food microbiology},
  volume={114},
  number={3},
  pages={357--365},
  year={2007},
  publisher={Elsevier}
}

@article{peleg2011microbial,
  title={Microbial growth curves: what the models tell us and what they cannot},
  author={Peleg, Micha and Corradini, Maria G},
  journal={Critical reviews in food science and nutrition},
  volume={51},
  number={10},
  pages={917--945},
  year={2011},
  publisher={Taylor \& Francis}
}

@article{baranyi1993non,
  title={A non-autonomous differential equation to model bacterial growth},
  author={Baranyi, J and Roberts, TA and McClure, P},
  journal={Food microbiology},
  volume={10},
  number={1},
  pages={43--59},
  year={1993},
  publisher={Elsevier Science}
}

@article{gil2006modified,
  title={A modified Gompertz model to predict microbial inactivation under time-varying temperature conditions},
  author={Gil, Maria M and Brandao, Teresa RS and Silva, Cristina LM},
  journal={Journal of Food Engineering},
  volume={76},
  number={1},
  pages={89--94},
  year={2006},
  publisher={Elsevier}
}

@article{loukidou2001comparison,
  title={Comparison of two biological treatment processes using attached-growth biomass for sanitary landfill leachate treatment},
  author={Loukidou, MX and Zouboulis, AI},
  journal={Environmental pollution},
  volume={111},
  number={2},
  pages={273--281},
  year={2001},
  publisher={Elsevier}
}

@article{jensen1975comparison,
  title={Comparison of logistic equations for population growth},
  author={Jensen, AL},
  journal={Biometrics},
  pages={853--862},
  year={1975},
  publisher={JSTOR}
}

@article{tjorve2017use,
  title={The use of Gompertz models in growth analyses, and new Gompertz-model approach: An addition to the Unified-Richards family},
  author={Tj{\o}rve, Kathleen MC and Tj{\o}rve, Even},
  journal={PloS one},
  volume={12},
  number={6},
  pages={e0178691},
  year={2017},
  publisher={Public Library of Science San Francisco, CA USA}
}

@techreport{romero2007note,
  title={A Note on the Use of R-squared in Model Selection},
  author={Romero, Alfredo A and others},
  year={2007}
}

@article{whiting1992quantitative,
  title={A quantitative model for bacterial growth and decline},
  author={Whiting, RC and Cygnarowicz-Provost, M},
  journal={Food Microbiology},
  volume={9},
  number={4},
  pages={269--277},
  year={1992},
  publisher={Elsevier}
}

@article{chowdhury2007validity,
  title={Validity of modified Gompertz and Logistic models in predicting cell growth of Pediococcus acidilactici H during the production of bacteriocin pediocin AcH},
  author={Chowdhury, Banani Ray and Chakraborty, Runu and Chaudhuri, Utpal Ray},
  journal={Journal of Food Engineering},
  volume={80},
  number={4},
  pages={1171--1175},
  year={2007},
  publisher={Elsevier}
}

@article{zwietering1991modeling,
  title={Modeling of bacterial growth as a function of temperature},
  author={Zwietering, MH and De Koos, JT and Hasenack, BE and De Witt, JC and Van't Riet, K},
  journal={Applied and environmental microbiology},
  volume={57},
  number={4},
  pages={1094--1101},
  year={1991},
  publisher={Am Soc Microbiol}
}

@article{spiess2010evaluation,
  title={An evaluation of R2 as an inadequate measure for nonlinear models in pharmacological and biochemical research: a Monte Carlo approach},
  author={Spiess, Andrej-Nikolai and Neumeyer, Natalie},
  journal={BMC pharmacology},
  volume={10},
  number={1},
  pages={1--11},
  year={2010},
  publisher={BioMed Central}
}

@article{gale1943factors,
  title={Factors influencing the enzymic activities of bacteria},
  author={Gale, Ernest Frederick},
  journal={Bacteriological reviews},
  volume={7},
  number={3},
  pages={139--173},
  year={1943},
  publisher={Am Soc Microbiol}
}

@article{berger1981comparison,
  title={Comparison of the Gompertz and Logistic Equations to Describe Plant Disease Progress.},
  author={Berger, RD},
  journal={Phytopathology},
  volume={71},
  number={7},
  pages={716--719},
  year={1981},
  publisher={Saint Paul}
}

@article{sutherland2002behavioural,
  title={Behavioural models of population growth rates: implications for conservation and prediction},
  author={Sutherland, William J and Norris, Ken},
  journal={Philosophical Transactions of the Royal Society of London. Series B: Biological Sciences},
  volume={357},
  number={1425},
  pages={1273--1284},
  year={2002},
  publisher={The Royal Society}
}

@article{perni2005estimating,
  title={Estimating the maximum growth rate from microbial growth curves: definition is everything},
  author={Perni, Stefano and Andrew, Peter W and Shama, Gilbert},
  journal={Food microbiology},
  volume={22},
  number={6},
  pages={491--495},
  year={2005},
  publisher={Elsevier}
}

@article{rolfe2012lag,
  title={Lag phase is a distinct growth phase that prepares bacteria for exponential growth and involves transient metal accumulation},
  author={Rolfe, Matthew D and Rice, Christopher J and Lucchini, Sacha and Pin, Carmen and Thompson, Arthur and Cameron, Andrew DS and Alston, Mark and Stringer, Michael F and Betts, Roy P and Baranyi, J{\'o}zsef and others},
  journal={Journal of bacteriology},
  volume={194},
  number={3},
  pages={686--701},
  year={2012},
  publisher={Am Soc Microbiol}
}

@article{nauta2002modelling,
  title={Modelling bacterial growth in quantitative microbiological risk assessment: is it possible?},
  author={Nauta, Maarten J},
  journal={International journal of food microbiology},
  volume={73},
  number={2-3},
  pages={297--304},
  year={2002},
  publisher={Elsevier}
}

@article{archontoulis2015nonlinear,
  title={Nonlinear regression models and applications in agricultural research},
  author={Archontoulis, Sotirios V and Miguez, Fernando E},
  journal={Agronomy Journal},
  volume={107},
  number={2},
  pages={786--798},
  year={2015},
  publisher={Wiley Online Library}
}